<record><leader>00000cas a22000007a 4500</leader><controlfield tag="001">12868539</controlfield><controlfield tag="008">851204d18971902wiuwr ne      0    0eng d</controlfield><datafield ind1=" " ind2=" " tag="010"><subfield code="a">sn 85041465 </subfield></datafield><datafield ind1=" " ind2=" " tag="040"><subfield code="a">NPV</subfield><subfield code="b">eng</subfield><subfield code="c">NPV</subfield><subfield code="d">OCLCQ</subfield></datafield><datafield ind1=" " ind2=" " tag="042"><subfield code="a">msc</subfield></datafield><datafield ind1=" " ind2=" " tag="045"><subfield code="a">w9x0</subfield></datafield><datafield ind1=" " ind2=" " tag="052"><subfield code="a">4123</subfield><subfield code="b">E2</subfield></datafield><datafield ind1="0" ind2="4" tag="245"><subfield code="a">The Weekly leader.</subfield></datafield><datafield ind1="1" ind2="3" tag="246"><subfield code="a">Eau Claire weekly leader</subfield></datafield><datafield ind1=" " ind2=" " tag="260"><subfield code="a">Eau Claire, Wis. :</subfield><subfield code="b">Eau Claire Leader Co.,</subfield><subfield code="c">1897-1902.</subfield></datafield><datafield ind1=" " ind2=" " tag="300"><subfield code="a">v.</subfield></datafield><datafield ind1=" " ind2=" " tag="310"><subfield code="a">Weekly</subfield></datafield><datafield ind1="0" ind2=" " tag="362"><subfield code="a">July 17, 1897-Oct. 4, 1902.</subfield></datafield><datafield ind1=" " ind2=" " tag="530"><subfield code="a">Available on microfilm from The State Historical Society of Wisconsin.</subfield></datafield><datafield ind1=" " ind2=" " tag="752"><subfield code="a">United States</subfield><subfield code="b">Wisconsin</subfield><subfield code="c">Eau Claire</subfield><subfield code="d">Eau Claire.</subfield></datafield><datafield ind1="0" ind2="0" tag="780"><subfield code="t">Eau Claire weekly leader (Eau Claire, Wis. : 1895)</subfield><subfield code="w">(DLC)sn 85041464</subfield></datafield><datafield ind1="0" ind2="0" tag="785"><subfield code="t">Eau Claire weekly leader (Eau Claire, Wis. : 1902)</subfield><subfield code="w">(DLC)sn 85041466</subfield></datafield></record>